<marc:collection xmlns:marc="http://www.loc.gov/MARC21/slim" xmlns:xsi="http://www.w3.org/2001/XMLSchema-instance" xsi:schemaLocation="http://www.loc.gov/MARC21/slim http://www.loc.gov/standards/marcxml/schema/MARC21slim.xsd">
    <marc:record type="Bibliographic">
        <marc:leader>02169cem a2200301 a 4500</marc:leader>
        <marc:controlfield tag="001">7159914</marc:controlfield>
        <marc:controlfield tag="005">20120919075433.0</marc:controlfield>
        <marc:controlfield tag="007">aj canzn</marc:controlfield>
        <marc:controlfield tag="008">070131s1785    gw i      a     0   ger d</marc:controlfield>
        <marc:datafield tag="024" ind1="1" ind2=" ">
            <marc:subfield code="a">HM 2013-6</marc:subfield>
        </marc:datafield>
        <marc:datafield tag="040" ind1=" " ind2=" ">
            <marc:subfield code="a">NjP</marc:subfield>
            <marc:subfield code="c">NjP</marc:subfield>
        </marc:datafield>
        <marc:datafield tag="100" ind1="1" ind2=" ">
            <marc:subfield code="a">Hähn, Johann Friedrich,</marc:subfield>
            <marc:subfield code="d">1710-1789.</marc:subfield>
        </marc:datafield>
        <marc:datafield tag="245" ind1="1" ind2="0">
            <marc:subfield code="a">Historisch-Geographische Charte für die ersten Anfänger in der Geographie und Historie :</marc:subfield>
            <marc:subfield code="b">zum Gebrauch der Real-Schule in Berlin</marc:subfield>
            <marc:subfield code="h">[map].</marc:subfield>
        </marc:datafield>
        <marc:datafield tag="255" ind1=" " ind2=" ">
            <marc:subfield code="a">Scales differ.</marc:subfield>
        </marc:datafield>
        <marc:datafield tag="260" ind1=" " ind2=" ">
            <marc:subfield code="a">[Berlin :</marc:subfield>
            <marc:subfield code="b">Buchladen der Real-Schule,</marc:subfield>
            <marc:subfield code="c">1785?]</marc:subfield>
        </marc:datafield>
        <marc:datafield tag="300" ind1=" " ind2=" ">
            <marc:subfield code="a">20 maps on 1 sheet :</marc:subfield>
            <marc:subfield code="b">hand col. ;</marc:subfield>
            <marc:subfield code="c">12 x 23 cm. or smaller on sheet 61 x 46 cm.</marc:subfield>
        </marc:datafield>
        <marc:datafield tag="500" ind1=" " ind2=" ">
            <marc:subfield code="a">Geographical and historical maps of the major countries and continents of the world, organized as a set of playing cards with a map of the world in the center. Relief shown pictorially.</marc:subfield>
        </marc:datafield>
        <marc:datafield tag="500" ind1=" " ind2=" ">
            <marc:subfield code="a">"Die Erläutering dazu is besonders gedruckt."</marc:subfield>
        </marc:datafield>
        <marc:datafield tag="505" ind1="0" ind2=" ">
            <marc:subfield code="a">No. I: Globus oder Erd-Kugel -- No. II: Europa -- No. III: Asia -- No. IIII: Africa -- No. V: America -- No. VI: Teutschland -- No. [VII]: Republick Schweiz --No. VIII: Niederlande -- No. IX: Moscau -- No. X: Preussen -- No. XI: Pohlen -- No. [XII]: Böhmen. -- No. XIII: Ungarn -- No. XIV: Türkische Reich in Europa und Asia -- No. XV: Portugall und Spanien -- No. XVI: Frankreich -- No. XVII: Gros-Brittannien -- No. XVIII: Dænnemarck -- No. XIX: Norwegen und Schweden -- No. XX: Italien.</marc:subfield>
        </marc:datafield>
        <marc:datafield tag="500" ind1=" " ind2=" ">
            <marc:subfield code="a">Probably issued in : Kurze Erläuterung einer in Kupfer gestochenen Vorstellung des Erdbodens : worauf in XX kleinen Charten d. Nöthigste aus d. Geographie, Genealogie, Chronologie, Historie, Heraldik u. Numismatik für d. Anfänger dieser Wiss. entworfen zum Gebrauch d. Realschule in Berlin. Berlin : Buchladen der Real-Schulen, 1785.</marc:subfield>
        </marc:datafield>
        <marc:datafield tag="561" ind1=" " ind2=" ">
            <marc:subfield code="a">Historic Maps copy has signature of T.A.F. Lenz, Tübingen, on verso.</marc:subfield>
            <marc:subfield code="5">NjP</marc:subfield>
        </marc:datafield>
        <marc:datafield tag="650" ind1=" " ind2="0">
            <marc:subfield code="a">Card games</marc:subfield>
            <marc:subfield code="v">Early works to 1800.</marc:subfield>
        </marc:datafield>
        <marc:datafield tag="650" ind1=" " ind2="0">
            <marc:subfield code="a">World maps</marc:subfield>
            <marc:subfield code="v">Early works to 1800.</marc:subfield>
        </marc:datafield>
        <marc:datafield tag="655" ind1=" " ind2="7">
            <marc:subfield code="a">World maps</marc:subfield>
            <marc:subfield code="y">1785.</marc:subfield>
            <marc:subfield code="2">aat</marc:subfield>
        </marc:datafield>
        <marc:datafield tag="700" ind1="1" ind2=" ">
            <marc:subfield code="a">Lenz, T. A. F.,</marc:subfield>
            <marc:subfield code="e">former owner.</marc:subfield>
            <marc:subfield code="5">NjP</marc:subfield>
        </marc:datafield>
        <marc:datafield tag="856" ind1="4" ind2="1">
            <marc:subfield code="z">See the map</marc:subfield>
            <marc:subfield code="u">http://gisserver.princeton.edu/map/27117</marc:subfield>
        </marc:datafield>
        <marc:datafield tag="904" ind1=" " ind2=" ">
            <marc:subfield code="a">twm</marc:subfield>
            <marc:subfield code="b">o</marc:subfield>
            <marc:subfield code="h">n</marc:subfield>
            <marc:subfield code="c">p</marc:subfield>
            <marc:subfield code="e">20120823</marc:subfield>
        </marc:datafield>
        <marc:datafield tag="902" ind1=" " ind2=" ">
            <marc:subfield code="a">gls</marc:subfield>
            <marc:subfield code="b">o</marc:subfield>
            <marc:subfield code="6">e</marc:subfield>
            <marc:subfield code="7">m</marc:subfield>
            <marc:subfield code="d">v</marc:subfield>
            <marc:subfield code="f">1</marc:subfield>
            <marc:subfield code="e">20120827</marc:subfield>
        </marc:datafield>
    </marc:record>
    <marc:record type="Holdings">
        <marc:leader>00172cx  a22000854  4500</marc:leader>
        <marc:controlfield tag="001">7027866</marc:controlfield>
        <marc:controlfield tag="004">7159914</marc:controlfield>
        <marc:controlfield tag="005">20120827145405.0</marc:controlfield>
        <marc:controlfield tag="008">1208230p    8   1001uu   0000000</marc:controlfield>
        <marc:datafield tag="852" ind1="0" ind2=" ">
            <marc:subfield code="b">map</marc:subfield>
            <marc:subfield code="h">HMC01.6799</marc:subfield>
        </marc:datafield>
    </marc:record>
</marc:collection>
